@article{angelopoulos2023prediction,
  title={Prediction-powered inference},
  author={Angelopoulos, Anastasios N and Bates, Stephen and Fannjiang, Clara and Jordan, Michael I and Zrnic, Tijana},
  journal={Science},
  volume={382},
  number={6671},
  pages={669--674},
  year={2023},
  publisher={American Association for the Advancement of Science}
}

@book{zhu2022introduction,
  title={Introduction to semi-supervised learning},
  author={Zhu, Xiaojin and Goldberg, Andrew B},
  year={2022},
  publisher={Springer Nature}
}

